@inproceedings{naor1999privacy,
  title={Privacy preserving auctions and mechanism design},
  author={Naor, Moni and Pinkas, Benny and Sumner, Reuban},
  booktitle={Proceedings of the 1st ACM conference on Electronic commerce},
  pages={129--139},
  year={1999},
  organization={ACM}
}

@inproceedings{ccs:kkrt16,
    author = {Vladimir Kolesnikov and Ranjit Kumaresan and Mike Rosulek and Ni Trieu},
    title = {Efficient Batched Oblivious PRF with Applications to Private Set Intersection},
    howpublished = {Cryptology ePrint Archive, Report 2016/799},
    year = {2016},
    note = {\url{http://eprint.iacr.org/2016/799}},
}              

@inproceedings{DBLP:conf/uss/Pinkas0Z14,
  author    = {Benny Pinkas and
               Thomas Schneider and
               Michael Zohner},
  title     = {Faster Private Set Intersection Based on {OT} Extension},
  booktitle = {23rd {USENIX} Security Symposium, {USENIX} Security 14},
  pages     = {797--812},
  year      = {2014},
  crossref  = {DBLP:conf/uss/2014},
  url       = {https://www.usenix.org/conference/usenixsecurity14/technical-sessions/presentation/pinkas},
  timestamp = {Wed, 10 Sep 2014 16:44:18 +0200},
  biburl    = {http://dblp.uni-trier.de/rec/bib/conf/uss/Pinkas0Z14},
  bibsource = {dblp computer science bibliography, http://dblp.org}
}
@proceedings{DBLP:conf/uss/2014,
  editor    = {Kevin Fu and
               Jaeyeon Jung},
  title     = {Proceedings of the 23rd {USENIX} Security Symposium, San Diego, CA,
               USA, August 20-22, 2014},
  publisher = {{USENIX} Association},
  year      = {2014},
  url       = {https://www.usenix.org/conference/usenixsecurity14},
  timestamp = {Wed, 10 Sep 2014 16:41:03 +0200},
  biburl    = {http://dblp.uni-trier.de/rec/bib/conf/uss/2014},
  bibsource = {dblp computer science bibliography, http://dblp.org}
}

@inproceedings{DBLP:conf/uss/Pinkas0SZ15,
  author    = {Benny Pinkas and
               Thomas Schneider and
               Gil Segev and
               Michael Zohner},
  title     = {Phasing: Private Set Intersection Using Permutation-based Hashing},
  booktitle = {24th {USENIX} Security Symposium, {USENIX} Security 15},
  pages     = {515--530},
  year      = {2015},
  crossref  = {DBLP:conf/uss/2015},
  url       = {https://www.usenix.org/conference/usenixsecurity15/technical-sessions/presentation/pinkas},
  timestamp = {Thu, 20 Aug 2015 14:07:40 +0200},
  biburl    = {http://dblp.uni-trier.de/rec/bib/conf/uss/Pinkas0SZ15},
  bibsource = {dblp computer science bibliography, http://dblp.org}
}


@proceedings{DBLP:conf/uss/2015,
  editor    = {Jaeyeon Jung and
               Thorsten Holz},
  title     = {24th {USENIX} Security Symposium, {USENIX} Security 15, Washington,
               D.C., USA, August 12-14, 2015},
  publisher = {{USENIX} Association},
  year      = {2015},
  url       = {https://www.usenix.org/conference/usenixsecurity15},
  timestamp = {Thu, 20 Aug 2015 14:06:34 +0200},
  biburl    = {http://dblp.uni-trier.de/rec/bib/conf/uss/2015},
  bibsource = {dblp computer science bibliography, http://dblp.org}
}

@inproceedings{Fairplay,
 author = {Malkhi, Dahlia and Nisan, Noam and Pinkas, Benny and Sella, Yaron},
 title = {Fairplay---a Secure Two-party Computation System},
 booktitle = {Proceedings of the 13th Conference on USENIX Security Symposium - Volume 13},
 series = {SSYM'04},
 year = {2004},
 location = {San Diego, CA},
 pages = {20--20},
 numpages = {1},
 url = {http://dl.acm.org/citation.cfm?id=1251375.1251395},
 acmid = {1251395},
 publisher = {USENIX Association},
 address = {Berkeley, CA, USA},
} 


@book{GoldreichBook2,
  author    = {Oded Goldreich}, 
  title     = {Foundations of Cryptography, Volume 2: Basic Applications},
  publisher = {Cambridge
University Press },
  year      = 2004,
  address   = {The address},
}

@misc{effArticleFacebook,
  author = {Kurt Opsahl},
  title = {The Disconcerting Details: How {F}acebook Teams Up With Data Brokers to Show You Targeted Ads},
  howpublished = "{https://www.eff.org/deeplinks/2013/04/disconcerting-details-how-facebook-teams-data-brokers-show-you-targeted-ads}",
  year = {2013}, 
  note = "[Online; accessed 23-May-2016]"
}


@misc{MotisCCStalk2015,
  author = {Moti Yung},
  title = {From Mental Poker to Core Business: Why and How to Deploy Secure Computation Protocols?},
  howpublished = "\url{https://www.sigsac.org/ccs/CCS2015/pro_keynote.html}",
  year = {2015}, 
  note = "ACM CCS 2015 Keynote Talk"
}


@inproceedings{Naor-Pinkas01,
 author = {Naor, Moni and Pinkas, Benny},
 title = {Efficient Oblivious Transfer Protocols},
 booktitle = {Proceedings of the Twelfth Annual ACM-SIAM Symposium on Discrete Algorithms},
 series = {SODA '01},
 year = {2001},
 isbn = {0-89871-490-7},
 location = {Washington, D.C., USA},
 pages = {448--457},
 numpages = {10},
 url = {http://dl.acm.org/citation.cfm?id=365411.365502},
 acmid = {365502},
 publisher = {Society for Industrial and Applied Mathematics},
 address = {Philadelphia, PA, USA},
} 



@inproceedings{DBLP:conf/sigecom/HubermanFH99,
  author    = {Bernardo A. Huberman and
               Matthew K. Franklin and
               Tad Hogg},
  title     = {Enhancing privacy and trust in electronic communities},
  booktitle = {{EC}},
  pages     = {78--86},
  year      = {1999},
  url       = {http://doi.acm.org/10.1145/336992.337012},
  doi       = {10.1145/336992.337012},
  timestamp = {Mon, 24 Feb 2014 16:09:47 +0100},
  biburl    = {http://dblp.uni-trier.de/rec/bib/conf/sigecom/HubermanFH99},
  bibsource = {dblp computer science bibliography, http://dblp.org}
}


@Misc{Nielsen07ot,
  author =       "Jesper Buus Nielsen",
  title =        "Extending Oblivious Transfers Efficiently - How to get Robustness Almost for Free",
  year =         2007,
  howpublished = "Cryptology ePrint Archive, Report 2007/215",
  note =         "\href{http://ia.cr/2007/215}{ia.cr/2007/215}",
}



@article{DBLP:journals/jal/PaghR04,
  author    = {Rasmus Pagh and
               Flemming Friche Rodler},
  title     = {Cuckoo hashing},
  journal   = {J. Algorithms},
  volume    = {51},
  number    = {2},
  pages     = {122--144},
  year      = {2004},
  url       = {http://dx.doi.org/10.1016/j.jalgor.2003.12.002},
  doi       = {10.1016/j.jalgor.2003.12.002},
  timestamp = {Wed, 07 Jul 2004 13:28:56 +0200},
  biburl    = {http://dblp.uni-trier.de/rec/bib/journals/jal/PaghR04},
  bibsource = {dblp computer science bibliography, http://dblp.org}
}
